<?xml version="1.0" encoding="UTF-8"?><record xmlns="http://www.loc.gov/MARC21/slim" xmlns:cinclude="http://apache.org/cocoon/include/1.0" xmlns:zs="http://www.loc.gov/zing/srw/">
  <leader>00383nz  a2200121n  4500</leader>
  <controlfield tag="001">n 2001060040</controlfield>
  <controlfield tag="003">DLC</controlfield>
  <controlfield tag="005">20010328084908.0</controlfield>
  <controlfield tag="008">010328n| acannaabn          |n ana      </controlfield>
  <datafield tag="010" ind1=" " ind2=" ">
    <subfield code="a">n 2001060040</subfield>
  </datafield>
  <datafield tag="040" ind1=" " ind2=" ">
    <subfield code="a">DLC</subfield>
    <subfield code="b">eng</subfield>
    <subfield code="c">DLC</subfield>
  </datafield>
  <datafield tag="110" ind1="1" ind2=" ">
    <subfield code="a">North Chelsea (Mass.).</subfield>
    <subfield code="b">Assessors</subfield>
  </datafield>
  <datafield tag="670" ind1=" " ind2=" ">
    <subfield code="a">NUCMC data from Winthrop Public Library for Its Assessments, 1851 June 12</subfield>
    <subfield code="b">(North Chelsea, Mass., Assessors)</subfield>
  </datafield>
</record>